@book{marsch20185g,
  title={5G System Design: Architectural and Functional Considerations and Long Term Research},
  author={Marsch, Patrick and Bulakci, {\"O}mer and Queseth, Olav and Boldi, Mauro},
  year={2018},
  publisher={John Wiley \& Sons}
}
@book{al20185g,
  title={5G Networks: Fundamental Requirements, Enabling Technologies, and Operations Management},
  author={Al-Dulaimi, Anwer and Wang, Xianbin and Chih-Lin, I},
  year={2018},
  publisher={John Wiley \& Sons}
}
@article{popovski20185g,
  title={5G Wireless Network Slicing for eMBB, URLLC, and mMTC: A Communication-Theoretic View},
  author={Popovski, Petar and Trillingsgaard, Kasper F and Simeone, Osvaldo and Durisi, Giuseppe},
  journal={arXiv preprint arXiv:1804.05057},
  year={2018}
}
@article{ordonez2017network,
  title={Network slicing for 5g with SDN/NFV: concepts, architectures and challenges},
  author={Ordonez-Lucena, Jose and Ameigeiras, Pablo and Lopez, Diego and Ramos-Munoz, Juan J and Lorca, Javier and Folgueira, Jesus},
  journal={arXiv preprint arXiv:1703.04676},
  year={2017}
}
@article{ohlen2016data,
  title={Data plane and control architectures for 5G transport networks},
  author={{\"O}hl{\'e}n, Peter and Skubic, Bj{\"o}rn and Rostami, Ahmad and Fiorani, Matteo and Monti, Paolo and Ghebretensa{\'e}, Zere and M{\aa}rtensson, Jonas and Wang, Kun and Wosinska, Lena},
  journal={Journal of Lightwave Technology},
  volume={34},
  number={6},
  pages={1501--1508},
  year={2016},
  publisher={IEEE}
}
@article{rostami2017orchestration,
  title={Orchestration of RAN and transport networks for 5G: an SDN approach},
  author={Rostami, Ahmad and Ohlen, Peter and Wang, Kun and Ghebretensae, Zere and Skubic, Bjorn and Santos, Mateus and Vidal, Allan},
  journal={IEEE Communications Magazine},
  volume={55},
  number={4},
  pages={64--70},
  year={2017},
  publisher={IEEE}
}
@misc{etsi2017gs,
  title={Network Functions Virtualisation (NFV) Release 3;
Evolution and Ecosystem;
Report on Network Slicing Support
with ETSI NFV Architecture Framework },
  author={ETSI, NFVISG},
  year={2017},
  publisher={Dec}
}
@article{kaloxylos2018survey,
  title={A survey and an analysis of network slicing in 5G networks},
  author={Kaloxylos, Alexandros},
  journal={IEEE Communications Standards Magazine},
  volume={2},
  number={1},
  pages={60--65},
  year={2018},
  publisher={IEEE}
}
@misc{etsi2018gs,
  title={3GPP TS 23.501 V15.2.0},
  author={ETSI},
  year={2018},
  publisher={Jun}
}